<?xml version="1.0" encoding="UTF-8"?><record xmlns="http://www.loc.gov/MARC21/slim" xmlns:cinclude="http://apache.org/cocoon/include/1.0" xmlns:zs="http://www.loc.gov/zing/srw/">
  <leader>01470nz  a2200229n  4500</leader>
  <controlfield tag="001">no2014005461</controlfield>
  <controlfield tag="003">DLC</controlfield>
  <controlfield tag="005">20140116073527.0</controlfield>
  <controlfield tag="008">140115n| azannaabn          |n aaa     c</controlfield>
  <datafield tag="010" ind1=" " ind2=" ">
    <subfield code="a">no2014005461</subfield>
  </datafield>
  <datafield tag="035" ind1=" " ind2=" ">
    <subfield code="a">(OCoLC)oca09656826</subfield>
  </datafield>
  <datafield tag="040" ind1=" " ind2=" ">
    <subfield code="a">ICrlF</subfield>
    <subfield code="b">eng</subfield>
    <subfield code="e">rda</subfield>
    <subfield code="c">ICrlF</subfield>
  </datafield>
  <datafield tag="100" ind1="1" ind2=" ">
    <subfield code="a">Patterson, Gary W.</subfield>
  </datafield>
  <datafield tag="370" ind1=" " ind2=" ">
    <subfield code="e">Georgia</subfield>
  </datafield>
  <datafield tag="372" ind1=" " ind2=" ">
    <subfield code="a">Business</subfield>
  </datafield>
  <datafield tag="373" ind1=" " ind2=" ">
    <subfield code="a">FiscalDoctor Inc.</subfield>
    <subfield code="a">Cielo Mobile</subfield>
    <subfield code="a">Fiscal Communications</subfield>
    <subfield code="a">National Speakers Association (U.S.)</subfield>
  </datafield>
  <datafield tag="374" ind1=" " ind2=" ">
    <subfield code="a">Businessman</subfield>
  </datafield>
  <datafield tag="375" ind1=" " ind2=" ">
    <subfield code="a">male</subfield>
  </datafield>
  <datafield tag="377" ind1=" " ind2=" ">
    <subfield code="a">eng</subfield>
  </datafield>
  <datafield tag="670" ind1=" " ind2=" ">
    <subfield code="a">Million dollar blind spots, p2013:</subfield>
    <subfield code="b">publisher supplied data (Gary W. Patterson)</subfield>
  </datafield>
  <datafield tag="670" ind1=" " ind2=" ">
    <subfield code="a">Linked In, Jan. 14, 2014</subfield>
    <subfield code="b">(Gary W. Patterson; chief executive officer; greater Atlanta area; Managing Director, Risk Mitigation, ORM and enterprise risk management expert and speaker at Fiscal Communications; Board Observer at Cielo Mobile; Profitable Growth Expert and Speaker at FiscalDoctor Inc.)</subfield>
  </datafield>
  <datafield tag="670" ind1=" " ind2=" ">
    <subfield code="a">FiscalDoctor web site, Jan. 14, 2014</subfield>
    <subfield code="b">(Gary W. Patterson has more than 30 years of senior management experience with high growth technology, wireless, manufacturing and service companies. He has worked with more than 200 companies--from start-ups to Inc 500 to Fortune 500--providing high level strategic guidance and expertise; Gary holds an MBA in Finance and Operations from the Stanford Graduate School of Business, a BA in Accounting from the University of Mississippi, and is a CPA; member: National Speakers Association)</subfield>
  </datafield>
</record>